<record><leader>00000cas a2200000 a 4500</leader><controlfield tag="001">25066022</controlfield><controlfield tag="008">920108d19021903iluwr ne      0    0eng c</controlfield><controlfield tag="009">11088</controlfield><datafield ind1=" " ind2=" " tag="010"><subfield code="a">sn 91054810 </subfield></datafield><datafield ind1=" " ind2=" " tag="040"><subfield code="a">NVF</subfield><subfield code="b">eng</subfield><subfield code="c">NVF</subfield><subfield code="d">OCLCQ</subfield><subfield code="d">NVF</subfield></datafield><datafield ind1="1" ind2=" " tag="029"><subfield code="a">AU@</subfield><subfield code="b">000025876082</subfield></datafield><datafield ind1=" " ind2=" " tag="042"><subfield code="a">pcc</subfield></datafield><datafield ind1=" " ind2=" " tag="043"><subfield code="a">n-us-il</subfield></datafield><datafield ind1="0" ind2="4" tag="245"><subfield code="a">The Kilbourne independent.</subfield></datafield><datafield ind1=" " ind2=" " tag="260"><subfield code="a">Kilbourne, Ill. :</subfield><subfield code="b">Ernest Madison,</subfield><subfield code="c">1902-1903.</subfield></datafield><datafield ind1=" " ind2=" " tag="300"><subfield code="a">v.</subfield></datafield><datafield ind1=" " ind2=" " tag="310"><subfield code="a">Weekly</subfield></datafield><datafield ind1="0" ind2=" " tag="362"><subfield code="a">Vol. 1, no. 1 (Oct. 10, 1902)-v. 1, no. 51 (Sept. 25, 1903).</subfield></datafield><datafield ind1=" " ind2="0" tag="651"><subfield code="a">Kilbourne (Ill.)</subfield><subfield code="v">Newspapers.</subfield></datafield><datafield ind1=" " ind2=" " tag="752"><subfield code="a">United States</subfield><subfield code="b">Illinois</subfield><subfield code="c">Mason</subfield><subfield code="d">Kilbourne.</subfield></datafield><datafield ind1="0" ind2="0" tag="785"><subfield code="t">Sangamon sawyer</subfield><subfield code="w">(DLC)sn 91054811</subfield><subfield code="w">(OCoLC)25066059</subfield></datafield></record>